@misc{coronary, title={A Call for Coronary Christians}, url={https://www.desiringgod.org/articles/a-call-for-coronary-christians}, journal={Desiring God}, publisher={Desiring God}, author={John Piper}, year={2002}, month={Jan}}
